@techreport{Howlader2014,
	title = {{SEER} Cancer Statistics Review, 1975-2011},
	author = {Howlader, Nadia and Noone, Anne M. and Krapcho, Martin F. and Garshell, J. and Miller, Denise A. and Altekruse, Sean F. and Kosary, Carol L. and  Yu, Mandi and  Ruhl, Jennifer and Tatalovich, Zaria and Mariotto, Angela B. and Lewis, Denise R. and Chen, Huann S. and Feuer, Eric J. and Cronin, Kathleen A.},
	institution = {National Cancer Institute},
	address = {Bethesda, MD},
	url = {\url{http://seer.cancer.gov/csr/1975_2011/}},
	year = {2014},
	month = {April},
	type = {review},
	note = {Available on \url{seer.cancer.gov/csr/1975_2011/}},
}

@mastersthesis{Hernandez2014,
	title = {Selección de características y clasificacíon de masas por medio de redes neuronales, máquinas de vector de soporte, análisis discriminante y regresíon logística en mamografías digitales},
	author = {Hernandez, Jose Luis},
	year = {2014},
	month = {April},
	school = {Tecnológico de Monterrey},
	address = {Monterrey, Mexico},
	language = {Spanish},
}

@misc{Mammograms2014,
	title = {Mammograms},
	author = {{National Cancer Institute}},
	institution = {{National Cancer Institute}},
	url = {\url{cancer.gov/cancertopics/types/breast/mammograms-fact-sheet}},
	year = {2014},
	month = {March},
	howpublished = {electronic},
	note = {Available on \url{cancer.gov/cancertopics/types/breast/mammograms-fact-sheet}},
}

@misc{PerformanceMammography2013,
	author = {{Breast Cancer Surveillance Consortium}},
	institution = {{Breast Cancer Surveillance Consortium}},
	title = {Performance Measures for 1,838,372 Screening Mammography Examinations from 2004 to 2008 by Age--based on {BCSC} data through 2009},
    	howpublished = {electronic},
    	year = {2013},
	month = {September},
	url = {\url{http://breastscreening.cancer.gov/statistics/performance/screening/2009/perf_age.html}},
    	note = {Available on \url{breastscreening.cancer.gov/statistics/performance/screening/2009/perf_age.html}},
}

@article{Russakovsky2014,
	author = {Russakovsky, Olga and Deng, Jia and Su, Hao and Krause, Jonathan and Satheesh, Sanjeev and Ma, Sean and Huang, Zhiheng and Karpathy, Andrej and Khosla, Aditya and Bernstein, Michael and Berg, Alexander C. and Fei-Fei, Li},
	title = {{ImageNet Large Scale Visual Recognition Challenge}},
	year = {2014},
	journal = {CoRR},
	volume = {abs/1409.0575},
	note = {Available online on \url{arxiv.org/abs/1409.0575}},
}

@inproceedings{Taigman2014,
	author = {Taigman, Yaniv and Yang, Ming and Ranzato, Marc'Aurelio and Wolf, Lior},
	title = {{DeepFace}: Closing the Gap to Human-Level Performance in Face Verification},
	booktitle = {Computer Vision and Pattern Recognition (CVPR)},
	address = {Columbus, Ohio},
	year = {2014},
	month = {June},
	url = {\url{research.facebook.com/publications/480567225376225/deepface-closing-the-gap-to-human-level-performance-in-face-verification/}},
}

@article{Dieleman2015,
	author = {Dieleman, Sander and Willett, Kyle W. and Dambre, Joni},
	title = {Rotation-invariant convolutional neural networks for galaxy morphology prediction},
	journal = {Monthly Notices of the Royal Astronomical Society},
	year = {2015},
	url = {Available online on \url{arxiv.org/abs/1503.07077}},
}

@booklet{WYNTKABreastCancer2012,
	author = {{National Cancer Institute}},
	title = {What You Need To Know About Breast Cancer},
	howpublished = {electronic},
	address = {Bethesda, MD},
	year = {2012},
	month = {August},
	note = {Available online on \url{cancer.gov/publications/patient-education/WYNTK_breast.pdf}},	
}

@article{Kerlikowske2011,
	author = {Kerlikowske, Karla and Hubbard, Rebecca A. and Miglioretti, Diana L. and Geller, Berta M. and Yankaskas, Bonnie C. and Lehman, Constance D. and Taplin, Stephen H. and Sickles, Edward A.},
	title = {Comparative Effectiveness of Digital Versus Film-Screen Mammography in Community Practice in the United States: A Cohort Study},
	journal = {Annals of Internal Medicine},
	volume = {155},
	number = {8},
	pages = {493-502},
	year = {2011},
	doi = {10.7326/0003-4819-155-8-201110180-00005},
	URL = {\url{dx.doi.org/10.7326/0003-4819-155-8-201110180-00005}},
}

@article{Pisano2008,
	author = {Pisano, Etta D. and Hendrick, R.E. and Yaffe, Martin J. and Baum, Janet K. and Acharyya, Suddhasatta and Cormack, Jean B. and Hanna, Lucy A. and Conant, Emily F. and Fajardo, Laurie L. and Bassett, Lawrence W. and D'Orsi, Carl J. and Jong, Roberta A. and Rebner, Murray and Tosteson, Anna N. and Gatsonis, Constantine A.},
	title = {Diagnostic Accuracy of Digital versus Film Mammography: Exploratory Analysis of Selected Population Subgroups in {DMIST}},
	journal = {Radiology},
	volume = {246},
	number = {2},
	pages = {376-383},
	year = {2008},
	doi = {10.1148/radiol.2461070200},
    	note ={PMID: 18227537},
	url = {\url{dx.doi.org/10.1148/radiol.2461070200}},
	eprint = {\url{dx.doi.org/10.1148/radiol.2461070200}},
}

@article{Skaane2007,
	author = {Per Skaane and Solveig Hofvind and Arnulf Skjennald},
	title = {Randomized Trial of Screen-Film versus Full-Field Digital Mammography with Soft-Copy Reading in Population-based Screening Program: Follow-up and Final Results of Oslo {II} Study},
	journal = {Radiology},
	volume = {244},
	number = {3},
	pages = {708-717},
	year = {2007},
	doi = {10.1148/radiol.2443061478},
	note ={PMID: 17709826},
	url = {\url{dx.doi.org/10.1148/radiol.2443061478}},
	eprint = {\url{dx.doi.org/10.1148/radiol.2443061478}},
}

@booklet{MammogramsACS2014,
	author = {{American Cancer Society}},
	title = {Mammograms and Other Breast Imaging Tests},
	howpublished = {electronic},
	address = {Atlanta, GA},
	year = {2014},
	note = {Available online on \url{cancer.org/acs/groups/cid/documents/webcontent/003178-pdf.pdf}},	
}

@book{ACS2015,
	author = {{American Cancer Society}},
	title = {Cancer Facts \& Figures 2015},
	publisher = {American Cancer Society},
	address = {Atlanta, GA},
	year = {2015},
	note = {Available on \url{cancer.org/acs/groups/content/@editorial/documents/document/acspc-044552.pdf}},
}

@article{Fukushima1980,
	author = {Fukushima, Kunihiko},
	title = {Neocognitron: A Self-organizing Neural Network Model for a Mechanism of Pattern Recognition Unaffected by Shift in Position},
	journal = {Biological Cybernetics},
	year = {1980},
	volume = {36},
	pages = {193-202},
	note = {PMID: 7370364},
}

@article{LeCun1989,
	original = {orig/lecun-89e.tiff},
	author = {LeCun, Yann and Boser, B.  and Denker, J. S. and Henderson, D.
 and Howard, R. E. and Hubbard, W. and Jackel,  L. D.},
	title = {Backpropagation Applied to Handwritten Zip Code Recognition},
	journal = {Neural Computation},
	year = {1989},
	volume = {1},
	number = {4},
	pages = {541-551},
	month = {Winter},
}

@article{LeCun1998,
	author = {LeCun, Yann and Bottou, Leon and Bengio, Yoshua and Haffner, Patrick},
	title = {Gradient-Based Learning Applied to Document Recognition},
	journal = {Proceedings of the IEEE},
	month = {November},
	volume = {86},
	number = {11},
	pages = {2278-2324},
	year = {1998}
}

@misc{Ng2014,
	author    = {Ng, Andrew},
	title     = {Machine Learning course},
	howpublished = {online},
	year     = {2014},
	month    = {December},
	note     = {Available on \url{coursera.org/course/ml}},
}

@article{McCulloch1943,
	author = {McCulloch, Warren S. and Pitts, Walter},
	journal = {Bulletin of Mathematical Biophysics},
	title = {A logical calculus of the ideas immanent in nervous activity},
	volume = {5},
	year = {1943},
	pages = {115-133},
}

@inproceedings{Widrow1960,
	address = {New York},
	author = {Widrow, Bernard and Hoff, Marcian E.},
	booktitle = {1960 {IRE} {WESCON} Convention Record, Part 4},
	pages = {96-104},
	publisher = {{IRE}},
	title = {Adaptive Switching Circuits},
	year = {1960},
}

@book{Rosenblatt1962,
	title={Principles of neurodynamics: perceptrons and the theory of brain mechanisms},
	author={Rosenblatt, Frank},
	series={Report (Cornell Aeronautical Laboratory)},
	url={\url{books.google.com.mx/books?id=7FhRAAAAMAAJ}},
	year={1962},
	publisher={Spartan Books}
}

@incollection{Rumelhart1986,
	author = {Rumelhart, David Everett and Hinton, Geoffrey E. and Williams, Ronald J.},
	title = {Learning Internal Representations by Error Propagation},
	booktitle = {Parallel Distributed Processing: Explorations in the Microstructure of Cognition, Vol. 1},
	editor = {Rumelhart, David E. and McClelland, James L. and PDP Research Group, CORPORATE},
	year = {1986},
	isbn = {0-262-68053-X},
	pages = {318-362},
	url = {\url{dl.acm.org/citation.cfm?id=104279.104293}},
	acmid = {104293},
	publisher = {MIT Press},
	address = {Cambridge, MA},
}

@article{Schmidhuber2015,
	title = {Deep learning in neural networks: An overview},
	journal = {Neural Networks},
	volume = {61},
	number = {0},
	pages = {85-117},
	year = {2015},
	issn = {0893-6080},
	doi = {\url{dx.doi.org/10.1016/j.neunet.2014.09.003}},
	url = {\url{sciencedirect.com/science/article/pii/S0893608014002135}},
	author = {Schmidhuber, Jürgen},
} 

@mastersthesis{Linnainmaa1970,
	author = {Linnainmaa, S.},
	title = {The representation of the cumulative rounding error of an algorithm as a Taylor expansion of the local rounding errors},
	school = {University of Helsinki},
	address = {Helsinki, Finland},
	year = {1970},
}

@phdthesis{Werbos1974,
	author = {Werbos, Paul J.},
	title = {Beyond regression: new tools for prediction and analysis in the
behavioral sciences},
	school = {Harvard University},
	address = {Boston, MA},
	year = {1974},
}

@incollection{Krizhevsky2012,
	title = {ImageNet Classification with Deep Convolutional Neural Networks},
	author = {Krizhevsky, Alex and Sutskever, Ilya and Hinton, Geoffrey E.},
	booktitle = {Advances in Neural Information Processing Systems 25},
	editor = {F. Pereira and C.J.C. Burges and L. Bottou and K.Q. Weinberger},
	pages = {1097--1105},
	year = {2012},
	publisher = {Curran Associates, Inc.},
}

@misc{Karpathy2015,
	author = {Karpathy, Andrej},
	title = {Convolutional Neural Networks for Visual Recognition course},
	howpublished = {online},
	year = {2015},
	month = {May},
	note = {Available on \url{cs231n.github.io}},
}

@misc{Bengio2014,
	author = {Bengio, Yoshua},
	title = {Deep Learning Workshop},
	howpublished = {online},
	year = {2014},
	month = {April},
	note = {Available on \url{youtu.be/JuimBuvEWBg}},
}

@article{Springenberg2014,
	author = {Springenberg, Jost Tobias and Dosovitskiy, Alexey and Brox, Thomas and Riedmiller, Martin A. },
	title = {Striving for Simplicity: The All Convolutional Net},
	journal = {CoRR},
	volume = {abs/1412.6806},
	year = {2014},
	url = {\url{http://arxiv.org/abs/1412.6806}},
}

@article{Simonyan2014,
	author = {Simonyan, Karen and Zisserman, Andrew},
	title = {Very Deep Convolutional Networks for Large-Scale Image Recognition},
	journal = {CoRR},
	volume = {abs/1409.1556},
	year = {2014},
	url = {\url{http://arxiv.org/abs/1409.1556}},
}

@article{Bergstra2012,
	author = {Bergstra, James and Bengio, Yoshua},
	title = {Random Search for Hyper-parameter Optimization},
	journal = {J. Machine Learning Research},
	volume = {13},
	number = {1},
	month = {February},
	year = {2012},
	issn = {1532-4435},
	pages = {281--305},
	numpages = {25},
	publisher = {JMLR.org},
}

@article{Cawley2010,
	author = {Cawley, Gavin C. and Talbot, Nicola L.C.},
	title = {On Over-fitting in Model Selection and Subsequent Selection Bias in Performance Evaluation},
	journal = {J. Machine Learning Research},
	volume = {11},
	month = {August},
	year = {2010},
	issn = {1532-4435},
	pages = {2079--2107},
	numpages = {29},
	publisher = {JMLR.org},
}

@article{Bengio2012,
	author = {Bengio, Yoshua},
	title = {Practical recommendations for gradient-based training of deep architectures},
	journal = {CoRR},
	volume = {abs/1206.5533},
	year = {2012},
	url = {http://arxiv.org/abs/1206.5533},
}

@article{He2015,
	author = {He, Kaiming and Zhang, Xiangyu and Ren, Shaoqing and Sun, Jian},
	title = {Delving Deep into Rectifiers: Surpassing Human-Level Performance on ImageNet Classification},
	journal = {CoRR},
	volume = {abs/1502.01852},
	year = {2015},
	url = {http://arxiv.org/abs/1502.01852},
}

@article{Bengio2012b,
	author = {Bengio, Yoshua and Boulanger{-}Lewandowski, Nicolas and Pascanu, Razvan},
	title = {Advances in Optimizing Recurrent Networks},
	journal = {CoRR},
	volume = {abs/1212.0901},
	year = {2012},
	url = {http://arxiv.org/abs/1212.0901},
}

@article{Srivastava2014,
	  author = {Srivastava, Nitish and Hinton, Geoffrey and Krizhevsky, Alex and Sutskever, Ilya and Salakhutdinov, Ruslan},
	  title = {Dropout: A Simple Way to Prevent Neural Networks from Overfitting},
	  journal = {Journal of Machine Learning Research},
	  year = {2014},
	  volume = {15},
	  pages = {1929-1958},
	  url = {http://jmlr.org/papers/v15/srivastava14a.html}
}

@article{Provost2000,
	author = {Provost, Foster},
	journal = {Proceedings of the AAAI-2000 Workshop on Imbalanced Data Sets},
	title = {Machine Learning from imbalanced data sets 101},
	year = {2000}
}

@inproceedings{Maloof2003,
	author = {Marcus A. Maloof},
	title = {Learning when data sets are imbalanced and when costs are unequal and unknown},
	booktitle = {ICML-2003 Workshop on Learning from Imbalanced Data Sets II},
	year = {2003}
}

@inproceedings{Ozgur2005,
	author = {\"{O}zg\"{u}r, Arzucan and \"{O}zg\"{u}r, Levent and G\"{u}ng\"{o}r, Tunga},
	title = {Text Categorization with Class-based and Corpus-based Keyword Selection},
	booktitle = {Proceedings of the 20th International Conference on Computer and Information Sciences},
	series = {ISCIS'05},
	year = {2005},
	location = {Istanbul, Turkey},
	pages = {606--615},
	publisher = {Springer-Verlag},
	address = {Berlin, Heidelberg},
}

@article{Jia2014,
	author = {Jia, Yangqing and Shelhamer, Evan and Donahue, Jeff and Karayev, Sergey and Long, Jonathan and Girshick, Ross B. and Guadarrama, Sergio and Darrell, Trevor},
	title = {Caffe: Convolutional Architecture for Fast Feature Embedding},
	journal = {CoRR},
	volume = {abs/1408.5093},
	year = {2014},
}

@inproceedings{Bergstra2010,
	author = {Bergstra, James and Breuleux, Olivier and Bastien, Fr{\'{e}}d{\'{e}}ric and Lamblin, Pascal and Pascanu, Razvan and Desjardins, Guillaume and Turian, Joseph and Warde-Farley, David and Bengio, Yoshua},
	month = {June},
	title = {Theano: a {CPU} and {GPU} Math Expression Compiler},
	booktitle = {Proceedings of the Python for Scientific Computing Conference ({SciPy})},
	year = {2010},
	location = {Austin, TX},
	note = {Oral Presentation},
}

@misc{Bastien2012,
	author = {Bastien, Fr{\'{e}}d{\'{e}}ric and Lamblin, Pascal and Pascanu, Razvan and Bergstra, James and Goodfellow, Ian J. and Bergeron, Arnaud and Bouchard, Nicolas and Bengio, Yoshua},
	title = {Theano: new features and speed improvements},
	year = {2012},
	howpublished = {Deep Learning and Unsupervised Feature Learning NIPS 2012 Workshop},
}

@inproceedings{Collobert2011,
	author = {Collobert, Ronan and Kavukcuoglu, Koray and Farabet, Cl{\'{e}}ment},
	projects = {Idiap},
	title = {Torch7: A Matlab-like Environment for Machine Learning},
	booktitle = {BigLearn, NIPS Workshop},
	year = {2011},
}

@misc{Krizhevsky2014,
	author = {Krizhevsky, Alex},
	title = {cuda-convnet2: Fast convolutional neural networks in C++/CUDA},
	year = {2014},
	howpublished = {online},
	note = {Available online on \url{github.com/akrizhevsky/cuda-convnet2}}
}

@inproceedings{Davis2006,
	author = {Davis, Jesse and Goadrich, Mark},
	title = {The Relationship Between Precision-Recall and ROC Curves},
	booktitle = {Proceedings of the 23rd International Conference on Machine Learning},
	series = {ICML '06},
	year = {2006},
	isbn = {1-59593-383-2},
	location = {Pittsburgh, Pennsylvania, USA},
	pages = {233--240},
	numpages = {8},
	publisher = {ACM},
	address = {New York, NY, USA},
}

@inproceedings{Wei1995,
	author={Wei, Datong and Sahiner, Berkman and Chan, Heang-Ping and Petrick, Nicholas},
	booktitle={International Conference on Acoustics, Speech, and Signal Processing, 1995. ICASSP-95.},
	title={Detection of masses on mammograms using a convolution neural network},
	year={1995},
	month={May},
	volume={5},
	pages={3483-3486},
	doi={10.1109/ICASSP.1995.479736},
	ISSN={1520-6149},
}

@article{Sahiner1996,
	author = {Sahiner, Berkman and Chan, Heang-Ping and Petrick, Nicholas and Wei, Datong and Helvie, Mark A. and Adler, Dorit D. and Goodsitt, Mitchell M.},
	title = {Classification of Mass and Normal Breast Tissue: A Convolution Neural Network Classifier with Spatial Domain and Texture Images},
	journal = {IEEE Transactions on Medical Imaging},
	volume = {15},
	number = {5},
	pages = {598-610},
	year = {1996},
	month = {October},
}

@article{Lo1995,
	title = {Artificial convolution neural network for medical image pattern recognition},
	author = {Lo, Shih-Chung B. and Chan, Heang-Ping and Lin, Jyh-Shyan and Li, Huai and Freedman, Matthew T. and Mun, Seong K.},
	journal = {Neural Networks},
	volume = {8},
	number = {7–8},
	pages = {1201 - 1214},
	year = {1995},
	note = {Automatic Target Recognition},
	issn = {0893-6080},
	doi = {dx.doi.org/10.1016/0893-6080(95)00061-5},
	url = {\url{sciencedirect.com/science/article/pii/0893608095000615}},
	language = {English},
}

@article{Lo1998,
	title = {Application of Artificial Neural Networks to Medical Image Pattern Recognition: Detection of Clustered Microcalcifications on Mammograms and Lung Cancer on Chest Radiographs},
	author = {Lo, Shih-Chung B. and Lin, Jyh-Shyan J. and Freedman, Matthew T. and Mun, Seong K.},
	year = {1998},
	journal = {Journal of VLSI signal processing systems for signal, image and video technology},
	volume = {18},
	number = {3},
	doi = {10.1023/A:1007941315275},
	url = {\url{http://dx.doi.org/10.1023/A:3A1007941315275}},
	publisher = {Kluwer Academic Publishers},
	issn = {0922-5773},
	pages = {263-274},
	language = {English},
}

@article{Gurcan2002,
	title = {Optimal Neural Network Architecture Selection: Improvement in Computerized Detection of Microcalcifications},
	journal = {Academic Radiology},
	volume = {9},
	number = {4},
	pages = {420 - 429},
	year = {2002},
	issn = {1076-6332},
	author = {Gurcan, Metin N. and Chan, Heang-Ping and Sahiner, Berkman and Hadjiiski, Lubomir and Petrick, Nicholas and Helvie, Mark A.},
}

@article{Ge2006,
	author = {Ge, Jun and Sahiner, Berkman and Hadjiiski, Lubomir M. and Chan, Heang-Ping and Wei, Jun and Helvie, Mark A. and Zhou, Chuan},
	title = {Computer aided detection of clusters of microcalcifications on full field digital mammograms},
	journal = {Medical Physics},
	year = {2006},
	volume = {33},
	number = {8}, 
	pages = {2975-2988}, 
}

@article{Ge2007,
	author = {Ge, Jun and Hadjiiski, Lubomir M. and Sahiner, Berkman and Wei, Jun and Helvie, Mark A. and Zhou, Chuan and Chan, Heang-Ping},
	title = {Computer-aided detection system for clustered microcalcifications: comparison of performance on full-field digital mammograms and digitized screen-film mammograms},
	journal = {Physics in Medicine and Biology},
	volume = {52},
	number = {4},
	pages = {981},
	url = {http://stacks.iop.org/0031-9155/52/i=4/a=008},
	year = {2007},
}

@unpublished{Agarwal2015,
	author = {Agarwal, Vibhu and Carson, Clayton},
	title = {Using Deep Convolutional Neural Networks to Predict Semantic Features of Lesions in Mammograms},
	year = {2015},
	note = {Project report}
}

@article{Tang2009,
	author = {Tang, Jinshan and Rangayyan, R.M. and Xu, Jun and El Naqa, I. and Yang, Yongyi},
	journal = {Information Technology in Biomedicine, IEEE Transactions on},
	title = {Computer-Aided Detection and Diagnosis of Breast Cancer With Mammography: Recent Advances},
	year = {2009},
	month = {March},
	volume = {13},
	number = {2},
	pages = {236-251},
}

@article{Oeffinger2015,
	author = {Oeffinger, Kevin C. and Fontham, Elizabeth T. and Etzioni, Ruth and et al},
	title = {Breast cancer screening for women at average risk: 2015 guideline update from the american cancer society},
	journal = {JAMA},
	volume = {314},
	number = {15},
	pages = {1599-1614},
	year = {2015},
	doi = {10.1001/jama.2015.12783}
}
